<?xml version="1.0" encoding="UTF-8"?><collection xmlns="http://www.loc.gov/MARC21/slim"><record><leader>00490nam--2200193-u-4500</leader><controlfield tag="001">000050474</controlfield><controlfield tag="002">20161230</controlfield><controlfield tag="005">20170307084550</controlfield><controlfield tag="008">070403s1000------------r-----000-0-eng-d</controlfield><datafield ind1=" " ind2=" " tag="020"><subfield code="a">9812567992</subfield></datafield><datafield ind1=" " ind2=" " tag="040"><subfield code="a">IFIN-HH</subfield></datafield><datafield ind1=" " ind2=" " tag="080"><subfield code="a">519.(24:25:6):530.145</subfield></datafield><datafield ind1="1" ind2=" " tag="100"><subfield code="a">Gibbs</subfield></datafield><datafield ind1="1" ind2="0" tag="245"><subfield code="a">Computation in Modern Physics</subfield><subfield code="c">W.R. Gibbs</subfield></datafield><datafield ind1=" " ind2=" " tag="250"><subfield code="a">Third Edition</subfield></datafield><datafield ind1=" " ind2=" " tag="260"><subfield code="a">New Jersey</subfield><subfield code="b">World Scientific</subfield><subfield code="c">2006</subfield></datafield><datafield ind1=" " ind2=" " tag="300"><subfield code="a">366 p</subfield></datafield><datafield ind1=" " ind2=" " tag="852"><subfield code="a">81878</subfield><subfield code="c">519.283</subfield></datafield><datafield ind1=" " ind2=" " tag="CAT"><subfield code="a">SYS</subfield><subfield code="c">20170307</subfield><subfield code="h">084550</subfield></datafield></record></collection>